@book{book_key,
	address = {City},
	publisher = {Publisher},
	author = {Smith, John},
	title = {Book title},
	year = {2012},
	volume = {3},
	series = {2},
	edition = {1},
	pages = {123--200},
	month = {January}
}

@MISC {140596,
    TITLE = {About the localization of a UFD},
    AUTHOR = {Arturo Magidin (https://math.stackexchange.com/users/742/arturo-magidin)},
    HOWPUBLISHED = {Mathematics Stack Exchange},
    NOTE = {URL:https://math.stackexchange.com/q/140596 (version: 2014-02-11)},
    EPRINT = {https://math.stackexchange.com/q/140596},
    URL = {https://math.stackexchange.com/q/140596}
}

@book{mac1998categories,
  title={Categories for the Working Mathematician},
  author={Mac Lane, Saunders},
  volume={5},
  year={1978},
  publisher={Springer Science \& Business Media}
}

@book{gortz2010algebraic,
  title={Algebraic geometry},
  author={G{\"o}rtz, Ulrich and Wedhorn, Torsten},
  year={2010},
  publisher={Springer}
}

@book{neeman2007algebraic,
  title={Algebraic and analytic geometry},
  author={Neeman, Amnon},
  volume={345},
  year={2007},
  publisher={Cambridge University Press}
}

@misc{stacks-project,
  shorthand    = {Stacks},
  author       = {The {Stacks Project Authors}},
  title        = {\textit{Stacks Project}},
  howpublished = {\url{http://stacks.math.columbia.edu}},
  year         = {2018},
}

@article{article_key,
	address = {City},
	publisher = {Publisher},
	author = {Smith, James},
	title = {Article title},
	year = {2013},
	volume = {14},
	number = {6},
	pages = {1--8},
	month = {March}
}
